<?xml version="1.0" encoding="UTF-8"?><collection><record><leader>06011ntm a2200577 a 4500</leader><controlfield tag="001">006796023</controlfield><controlfield tag="003">MiAaHDL</controlfield><controlfield tag="005">20200312000000.0</controlfield><controlfield tag="006">m        d        </controlfield><controlfield tag="007">cr bn ---auaua</controlfield><controlfield tag="008">090521q17911792tu            00| ||ara d</controlfield><datafield tag="035" ind1=" " ind2=" "><subfield code="a">(MiU)006796023</subfield></datafield><datafield tag="035" ind1=" " ind2=" "><subfield code="a">sdr-miu006796023</subfield></datafield><datafield tag="040" ind1=" " ind2=" "><subfield code="a">MiU</subfield><subfield code="c">MiU</subfield><subfield code="e">amremm</subfield></datafield><datafield tag="043" ind1=" " ind2=" "><subfield code="a">n-us-mi</subfield></datafield><datafield tag="245" ind1="0" ind2="0"><subfield code="6">880-03</subfield><subfield code="a">[Calligraphic specimen,</subfield><subfield code="f">1206, i.e. 1791 or 1792].</subfield></datafield><datafield tag="260" ind1=" " ind2=" "><subfield code="a">[Istanbul?,</subfield><subfield code="c">1791 or 1792].</subfield></datafield><datafield tag="300" ind1=" " ind2=" "><subfield code="a">5 panels :</subfield><subfield code="b">paper ;</subfield><subfield code="c">180 x 253 (119 x 192) mm.</subfield></datafield><datafield tag="500" ind1=" " ind2=" "><subfield code="a">Shelfmark: Ann Arbor, University of Michigan, Special Collections Research Center, Isl. Ms. 229</subfield></datafield><datafield tag="500" ind1=" " ind2=" "><subfield code="a">Origin: As appears in colophon on final panel, executed by Mahmud Celâleddin in 1206 [1791 or 2] and copied from a model executed by Hafız Osman Efendi in 1108 [1696 or 7].</subfield></datafield><datafield tag="500" ind1=" " ind2=" "><subfield code="a">Former shelfmark: "99" in pencil on recto of opening panel ; numeral and "T. D. M" [i.e. Tammaro De Marinis] on verso of final panel.</subfield></datafield><datafield tag="500" ind1=" " ind2=" "><subfield code="a">Binding: Boards covered (faced) in blue and white marbled paper (kumlu ebru) with red leather over spine and board edges / turn-ins (leather edged framed binding) ; Type III binding (without flap) ; board linings in same marbled paper ; panels hinged together in same red leather ; overall in fairly good condition.</subfield></datafield><datafield tag="500" ind1=" " ind2=" "><subfield code="a">Support: Written area on well-burnished paper, pieced, set into frames of marbled paper (ebru) mainly in shades of blue, pink, yellow and black, and mounted on thin boards.</subfield></datafield><datafield tag="500" ind1=" " ind2=" "><subfield code="a">Decoration: Illuminated rectangular pieces filled with vegetal decoration in shades of gold, pink, orange, and lavender on fields of blue, gold, etc. flank mid and lower sections of written area on each panel ; written area and divisions within surrounded by frames of gold defined by black fillets ; illuminated textual dividers in the form of gold rosettes with red, orange and blue accents.</subfield></datafield><datafield tag="500" ind1=" " ind2=" "><subfield code="a">Script: Exquisite specimen of Ottoman calligraphy ; large lines of each panel (typically opening and closing lines) in thuluth (sülüs), with central lines in naskh (nesih).</subfield></datafield><datafield tag="500" ind1=" " ind2=" "><subfield code="a">Layout: Written in 6 to 13 lines per page, including two lines of thuluth with four centered lines of naskh, two lines of thuluth with eight diagonal lines of naskh, one line of thuluth with seven lines of naskh, one line of thuluth with nine diagonal and then three horizontal lines of naskh, etc. ; thuluth and naskh carry separate streams of text.</subfield></datafield><datafield tag="500" ind1=" " ind2=" "><subfield code="a">Collation: Five 'panels' edged and hinged together with red leather ; numbered in pencil with Hindu-Arabic numerals in the upper outer corner of the written area for each piece ; opens vertically.</subfield></datafield><datafield tag="500" ind1=" " ind2=" "><subfield code="a">Colophon: "كتبه من لا قدر له ولا قدر ولا نخل بواديه ولا سدره اضعف العباد الكتاب عثمان المشتهر بحافظ كلام الوهاب شاكرا لله الملك الوهاب ومصليا على نبيه محمد واله وصحبه اجمعين وسلم تسليما كثيرا كثيرا سنة ثمان ومائة والف من هجرة من له العز والشرف ونقلها محمود المعروف بجلال الدين مع الكتبة والتنقيح بعينها غفر الله ذنوبهما ١٢٠٦"</subfield></datafield><datafield tag="500" ind1=" " ind2=" "><subfield code="a">Explicit: "نور المسلم من شاب شيبة في الاسلام كتب الله بها حسنة وكفر عنه بها خطيئة ورفعه بها درجة اللهم صل وسلم على اشرف الخلق واكمل الخلق محمد واله الطاهرين اجمعين</subfield></datafield><datafield tag="500" ind1=" " ind2=" "><subfield code="a">Incipit: [thuluth] "بسم الله الرحمن الرحيم وبه نستعين وعليه التكلان من الخذلان ..." ; [naskh] "والدباران ياتيها بعد ان تفوته ..."</subfield></datafield><datafield tag="500" ind1=" " ind2=" "><subfield code="a">Title supplied by cataloguer.</subfield></datafield><datafield tag="500" ind1=" " ind2=" "><subfield code="a">Ms. codex.</subfield></datafield><datafield tag="510" ind1="4" ind2=" "><subfield code="a">Rado, Şevket. Türk hattatları : XV. yüzyıldan günümüze kadar gelmiş ünlü hattatların hayatları ve yazılarından örnekler. (Istanbul : Yayın Matbaacılık Ticaret Limited Şti., [1984?]),</subfield><subfield code="c">pp.199-200</subfield></datafield><datafield tag="510" ind1="4" ind2=" "><subfield code="a">Derman, M. Uğur. Letters in gold : Ottoman calligraphy from the Sakıp Sabancı collection, Istanbul. (New York : Metropolitian Museum of Art : Distributed by H.N. Abrams, c1998),</subfield><subfield code="c">pp.108-111</subfield></datafield><datafield tag="510" ind1="4" ind2=" "><subfield code="a">Zakariya, Mohamed. "Islamic calligraphy: A technical overview." In Brocade of the pen: the art of Islamic writing. Carol Garrett Fisher, ed. (East Lansing, MI: Kresge Art Museum, Michigan State University, 1991):</subfield><subfield code="c">1-17</subfield></datafield><datafield tag="510" ind1="4" ind2=" "><subfield code="a">Brocade of the pen : the art of Islamic writing. Carol Garrett Fisher, ed. (East Lansing, MI: Kresge Art Museum, Michigan State University, 1991),</subfield><subfield code="c">no.9, p.84</subfield></datafield><datafield tag="520" ind1="8" ind2=" "><subfield code="a">Exquisite album of calligraphy (muraqqaʻ / murakkaa) employing ḥadīth of the Prophet executed by the celebrated Ottoman calligrapher Mahmud Celâleddin Efendi (d.1829) in imitation of a model executed by the master calligrapher Hafız Osman Efendi (d.1698).</subfield></datafield><datafield tag="538" ind1=" " ind2=" "><subfield code="a">Mode of access: Internet.</subfield></datafield><datafield tag="541" ind1=" " ind2=" "><subfield code="c">Purchase ;</subfield><subfield code="a">Acquired by purchase (funds donated by Horace Rackham).</subfield><subfield code="d">1924.</subfield></datafield><datafield tag="546" ind1=" " ind2=" "><subfield code="a">Arabic.</subfield></datafield><datafield tag="561" ind1=" " ind2=" "><subfield code="a">Inscriptions in pencil "T.D.M. [i.e. Tammaro De Marinis]" (following numeral) on verso of final panel and "99" on recto of opening panel ; otherwise clean copy.</subfield></datafield><datafield tag="650" ind1=" " ind2="0"><subfield code="a">Manuscripts, Arabic</subfield><subfield code="z">Michigan</subfield><subfield code="z">Ann Arbor.</subfield></datafield><datafield tag="650" ind1=" " ind2="0"><subfield code="a">Islamic calligraphy</subfield><subfield code="v">Specimens.</subfield></datafield><datafield tag="650" ind1=" " ind2="0"><subfield code="a">Writing, Arabic</subfield><subfield code="v">Specimens.</subfield></datafield><datafield tag="650" ind1=" " ind2="0"><subfield code="a">Calligraphy, Arabic</subfield><subfield code="v">Specimens.</subfield></datafield><datafield tag="650" ind1=" " ind2="0"><subfield code="a">Calligraphy, Ottoman</subfield><subfield code="v">Specimens.</subfield></datafield><datafield tag="700" ind1="0" ind2=" "><subfield code="a">Abdülhamid</subfield><subfield code="b">II,</subfield><subfield code="c">Sultan of the Turks,</subfield><subfield code="d">1842-1918,</subfield><subfield code="e">former owner.</subfield></datafield><datafield tag="700" ind1="0" ind2=" "><subfield code="6">880-01</subfield><subfield code="a">Mahmut Celalettin,</subfield><subfield code="d">d.1829,</subfield><subfield code="e">calligrapher,</subfield><subfield code="e">facsimilist.</subfield></datafield><datafield tag="773" ind1="0" ind2=" "><subfield code="a">Abdul Hamid Collection.</subfield></datafield><datafield tag="880" ind1="0" ind2=" "><subfield code="6">700-01/</subfield><subfield code="a">محمود جلال الدين,</subfield><subfield code="e">خطاط</subfield><subfield code="e">ناسخ.</subfield></datafield><datafield tag="880" ind1="0" ind2="0"><subfield code="6">245-03/</subfield><subfield code="a">[مرقع حسن الخط,</subfield><subfield code="f">1206ه, 1791 او 1792م].</subfield></datafield><datafield tag="CID" ind1=" " ind2=" "><subfield code="a">006796023</subfield></datafield><datafield tag="DAT" ind1="0" ind2=" "><subfield code="a">20200312040247.0</subfield><subfield code="b">20200312000000.0</subfield></datafield><datafield tag="DAT" ind1="1" ind2=" "><subfield code="a">20200312095806.0</subfield><subfield code="b">2020-03-12T17:15:30Z</subfield></datafield><datafield tag="DAT" ind1="2" ind2=" "><subfield code="a">2015-10-10T18:00:06Z</subfield></datafield><datafield tag="CAT" ind1=" " ind2=" "><subfield code="a">SDR-MIU</subfield><subfield code="d">EX LIBRIS - ALEPH</subfield><subfield code="l">prepare.pl-004-008</subfield></datafield><datafield tag="FMT" ind1=" " ind2=" "><subfield code="a">BK</subfield></datafield><datafield tag="HOL" ind1=" " ind2=" "><subfield code="0">sdr-miu006796023</subfield><subfield code="a">MiU</subfield><subfield code="b">SDR</subfield><subfield code="c">MIU</subfield><subfield code="p">mdp.39015088422954</subfield><subfield code="s">MIU</subfield><subfield code="1">006796023</subfield></datafield><datafield tag="974" ind1=" " ind2=" "><subfield code="b">MIU</subfield><subfield code="c">MIU</subfield><subfield code="d">20200312</subfield><subfield code="s">lit-dlps-dc</subfield><subfield code="u">mdp.39015088422954</subfield><subfield code="y">1792</subfield><subfield code="r">pd</subfield><subfield code="q">bib</subfield><subfield code="t">non-US bib date2 &lt; 1896</subfield></datafield></record></collection>